<?xml version="1.0" encoding="UTF-8"?><collection xmlns="http://www.loc.gov/MARC21/slim"><record><leader>00644nam--2200205-i-4500</leader><controlfield tag="001">000009636</controlfield><controlfield tag="002">20161230</controlfield><controlfield tag="005">20161230201028</controlfield><controlfield tag="008">060222s1000------------r-----000-0-eng-d</controlfield><datafield ind1=" " ind2=" " tag="020"><subfield code="a">0471124338</subfield></datafield><datafield ind1=" " ind2=" " tag="040"><subfield code="a">IFIN-HH</subfield></datafield><datafield ind1=" " ind2=" " tag="080"><subfield code="a">539.196</subfield></datafield><datafield ind1="1" ind2=" " tag="100"><subfield code="a">Burnett, George M</subfield></datafield><datafield ind1="1" ind2="0" tag="245"><subfield code="a">Transfer and storage of energy by molecules</subfield><subfield code="b">Vol. 4. the solid state</subfield><subfield code="c">George m. burnett, alastair m. north, john n. sherwood (eds.)</subfield></datafield><datafield ind1=" " ind2=" " tag="260"><subfield code="a">London</subfield><subfield code="b">John Wiley &amp; Sons Ltd</subfield><subfield code="c">1974</subfield></datafield><datafield ind1=" " ind2=" " tag="300"><subfield code="a">612P</subfield></datafield><datafield ind1=" " ind2=" " tag="490"><subfield code="a">Transfer And Storage Of Energy By Molecules</subfield></datafield><datafield ind1="1" ind2=" " tag="700"><subfield code="a">Sherwood, John N</subfield><subfield code="e">Ed</subfield></datafield><datafield ind1=" " ind2=" " tag="852"><subfield code="a">34449</subfield><subfield code="c">539.19</subfield></datafield><datafield ind1=" " ind2=" " tag="CAT"><subfield code="a">Sys</subfield><subfield code="c">20120713</subfield><subfield code="h">094601</subfield></datafield></record></collection>